<record><leader>00000cas a22000007a 4500</leader><controlfield tag="001">12142983</controlfield><controlfield tag="008">850611d18641864iauwr ne      0    0eng d</controlfield><datafield ind1=" " ind2=" " tag="010"><subfield code="a">sn 85049550 </subfield></datafield><datafield ind1=" " ind2=" " tag="040"><subfield code="a">INP</subfield><subfield code="b">eng</subfield><subfield code="c">INP</subfield><subfield code="d">OCLCQ</subfield></datafield><datafield ind1=" " ind2=" " tag="042"><subfield code="a">msc</subfield></datafield><datafield ind1="0" ind2="0" tag="245"><subfield code="a">Marshall County reporter.</subfield></datafield><datafield ind1=" " ind2=" " tag="260"><subfield code="a">Marshalltown, Iowa :</subfield><subfield code="b">Barnhart &amp; Howard,</subfield><subfield code="c">1864-</subfield></datafield><datafield ind1=" " ind2=" " tag="300"><subfield code="a">v.</subfield></datafield><datafield ind1=" " ind2=" " tag="310"><subfield code="a">Weekly</subfield></datafield><datafield ind1="0" ind2=" " tag="362"><subfield code="a">Vol. 2, no. 8 (June 28, 1864)-</subfield></datafield><datafield ind1="1" ind2=" " tag="362"><subfield code="a">Ceased in 1864?</subfield><subfield code="z">Cf. Bibl. of Iowa newspapers.</subfield></datafield><datafield ind1=" " ind2=" " tag="752"><subfield code="a">United States</subfield><subfield code="b">Iowa</subfield><subfield code="c">Marshall</subfield><subfield code="d">Marshalltown.</subfield></datafield><datafield ind1="0" ind2="0" tag="780"><subfield code="t">Marshall County expositor</subfield><subfield code="w">(DLC)sn 85049546</subfield></datafield></record>